@ARTICLE{mohammadifield09,
  AUTHOR =       {Mohammadi, Z. and Field, M. S.},
  TITLE =        {On the Temporal Behaviour of Karst Aquifers, {Z}agros Region, {I}ran: A Geostatistical Approach},
  JOURNAL =      {Journal of Cave and Karst Studies},
  YEAR =         {2009},
  volume =       {71},
  number =       {3},
  pages =        {210--226},
}

@ARTICLE{fieldli10,
  AUTHOR =       {Field, M. S. and {Guangquan Li}},
  TITLE =        {Inversion for the Input History of a Dye Tracing Experiment},
  JOURNAL =      {Journal of Cave and Karst Studies},
  YEAR =         {2010},
  volume =       {73},
  number =       {1},
  pages =        {16--20},
  DOI =          {10.4311/jcks2009es0106},
}
